@book{ref1,
    author      = "\normalfont Firuza Aibara",
    year        = "\normalfont 2016",
    publisher   = "\normalfont LaTeX - Fundamental Research Group - IIT Bombay",
    address     = "\normalfont http://www.it.iitb.ac.in/frg/wiki/index.php/LaTeX/",
    }
@book{ref2,
    author   	= "\normalfont Leslie Lamport",
    year     	= "\normalfont 1994",
    publisher	= "\textit{Addison-Wesley}",
    title    	= "\normalfont Latex"
    }
@book{ref3,
    author	    = "\normalfont Helmut Kopka and Patrick W Daly",
    year    	= "\normalfont 1995",
    title   	= "\textit{A guide to latex}"
    }
@book{ref4,
    author 	   	= "\normalfont Michael Downes",
    year    	= "\normalfont 2002",
    publisher	= "\textit{American Mathematical Society}",
    title    	= "\normalfont Short math guide for latex"
    }